% Encoding: UTF-8

@article{hinton2012deep,
  title={Deep neural networks for acoustic modeling in speech recognition: The shared views of four research groups},
  author={Hinton, Geoffrey and Deng, Li and Yu, Dong and Dahl, George E and Mohamed, Abdel-rahman and Jaitly, Navdeep and Senior, Andrew and Vanhoucke, Vincent and Nguyen, Patrick and Sainath, Tara N and others},
  journal={IEEE Signal processing magazine},
  volume={29},
  number={6},
  pages={82--97},
  year={2012},
  publisher={IEEE}
}

@inproceedings{povey2011kaldi,
  title={The Kaldi speech recognition toolkit},
  author={Povey, Daniel and Ghoshal, Arnab and Boulianne, Gilles and Burget, Lukas and Glembek, Ondrej and Goel, Nagendra and Hannemann, Mirko and Motlicek, Petr and Qian, Yanmin and Schwarz, Petr and others},
  booktitle={IEEE 2011 workshop on automatic speech recognition and understanding},
  number={EPFL-CONF-192584},
  year={2011},
  organization={IEEE Signal Processing Society}
}

%%% New references --

%comparison of DNN and RNN
@inproceedings{sak2014long,
  title={Long short-term memory recurrent neural network architectures for large scale acoustic modeling},
  author={Sak, Ha{\c{s}}im and Senior, Andrew and Beaufays, Fran{\c{c}}oise},
  booktitle={Fifteenth annual conference of the international speech communication association},
  year={2014}
}

@inproceedings{seide2011conversational,
  title={Conversational speech transcription using context-dependent deep neural networks},
  author={Seide, Frank and Li, Gang and Yu, Dong},
  booktitle={Twelfth annual conference of the international speech communication association},
  year={2011}
}

@inproceedings{zhang2014improving,
  title={Improving deep neural network acoustic models using generalized maxout networks},
  author={Zhang, Xiaohui and Trmal, Jan and Povey, Daniel and Khudanpur, Sanjeev},
  booktitle={Acoustics, Speech and Signal Processing (ICASSP), 2014 IEEE International Conference on},
  pages={215--219},
  year={2014},
  organization={IEEE}
}

%% SRUTI Benglai Continuous Corpus
@inproceedings{das2011bengali,
  title={Bengali speech corpus for continuous auutomatic speech recognition system},
  author={Das, Biswajit and Mandal, Sandipan and Mitra, Pabitra},
  booktitle={Speech Database and Assessments (Oriental COCOSDA), 2011 International Conference on},
  pages={51--55},
  year={2011},
  organization={IEEE}
}

%% Indian language corpus
@article{shrishrimal2012indian,
  title={Indian language speech database: A review},
  author={Shrishrimal, Pukhraj P and Deshmukh, Ratnadeep R and Waghmare, Vishal B},
  journal={International journal of Computer applications},
  volume={47},
  number={5},
  pages={17--21},
  year={2012},
  publisher={International Journal of Computer Applications, 244 5 th Avenue,\# 1526, New York, NY 10001, USA India}
}


%% HMM info
@article{rabiner1989tutorial,
  title={A tutorial on hidden Markov models and selected applications in speech recognition},
  author={Rabiner, Lawrence R},
  journal={Proceedings of the IEEE},
  volume={77},
  number={2},
  pages={257--286},
  year={1989},
  publisher={Ieee}
}

@inproceedings{nahid2016noble,
  title={A noble approach for recognizing Bangla real number automatically using CMU Sphinx4},
  author={Nahid, Md Mahadi Hasan and Islam, Md Ashraful and Islam, Md Saiful},
  booktitle={Informatics, Electronics and Vision (ICIEV), 2016 5th International Conference on},
  pages={844--849},
  year={2016},
  organization={IEEE}
}

@inproceedings{rahman2003continuous,
  title={Continuous bangla speech recognition system},
  author={Rahman, KJ and Hossain, MA and Das, D and Islam, T and Ali, MG},
  booktitle={Proc. 6th international conference on computer and information technology (ICCIT03)},
  year={2003}
}

@article{hossain2013implementation,
  title={Implementation Of Back-Propagation Neural Network For Isolated Bangla Speech Recognition},
  author={Hossain, Md and Rahman, Md and Prodhan, Uzzal Kumar and Khan, Md and others},
  journal={arXiv preprint arXiv:1308.3785},
  year={2013}
}

@inproceedings{sultana2012bangla,
  title={Bangla Speech-to-Text conversion using SAPI},
  author={Sultana, Shaheena and Akhand, MAH and Das, Prodip Kumer and Rahman, MM Hafizur},
  booktitle={Computer and Communication Engineering (ICCCE), 2012 International Conference on},
  pages={385--390},
  year={2012},
  organization={IEEE}
}

@article{huang2014historical,
  title={A historical perspective of speech recognition},
  author={Huang, Xuedong and Baker, James and Reddy, Raj},
  journal={Communications of the ACM},
  volume={57},
  number={1},
  pages={94--103},
  year={2014},
  publisher={ACM}
}

@incollection{sinha2014speech,
  title={Speech processing for Hindi dialect recognition},
  author={Sinha, Shweta and Jain, Aruna and Agrawal, Shyam S},
  booktitle={Advances in Signal Processing and Intelligent Recognition Systems},
  pages={161--169},
  year={2014},
  publisher={Springer}
}

% DNN , ANN and GMM in SR
@article{dahl2012context,
  title={Context-dependent pre-trained deep neural networks for large-vocabulary speech recognition},
  author={Dahl, George E and Yu, Dong and Deng, Li and Acero, Alex},
  journal={IEEE Transactions on audio, speech, and language processing},
  volume={20},
  number={1},
  pages={30--42},
  year={2012},
  publisher={IEEE}
}

% About Acoustic modeling in DBN
@article{mohamed2012acoustic,
  title={Acoustic modeling using deep belief networks},
  author={Mohamed, Abdel-rahman and Dahl, George E and Hinton, Geoffrey and others},
  journal={IEEE Trans. Audio, Speech \& Language Processing},
  volume={20},
  number={1},
  pages={14--22},
  year={2012}
}
% About MFCC 
@article{tiwari2010mfcc,
  title={MFCC and its applications in speaker recognition},
  author={Tiwari, Vibha},
  journal={International journal on emerging technologies},
  volume={1},
  number={1},
  pages={19--22},
  year={2010}
}
%% related works ..
@inproceedings{islam2009research,
  title={Research on Bangla language processing in Bangladesh: progress and challenges},
  author={Islam, MS},
  booktitle={8th International Language \& Development Conference},
  pages={23--25},
  year={2009}
}

%% acoustic model
@inproceedings{boruah2013study,
  title={A study on hmm based speech recognition system},
  author={Boruah, Saptarshi and Basishtha, Subhash},
  booktitle={Computational Intelligence and Computing Research (ICCIC), 2013 IEEE International Conference on},
  pages={1--5},
  year={2013},
  organization={IEEE}
}

%% ASR
@book{lee1988automatic,
  title={Automatic speech recognition: the development of the SPHINX system},
  author={Lee, Kai-Fu},
  volume={62},
  year={1988},
  publisher={Springer Science \& Business Media}
}

@inproceedings{karim2002recognition,
  title={Recognition of spoken letters in Bangla},
  author={Karim, R and Rahman, Md Shahidur and Iqbal, Md Zafar},
  booktitle={Proc. 5th international conference on computer and information technology (ICCIT02)},
  year={2002}
}


@inproceedings{paul2009bangla,
  title={Bangla speech recognition system using LPC and ANN},
  author={Paul, Anup Kumar and Das, Dipankar and Kamal, Md Mustafa},
  booktitle={Advances in Pattern Recognition, 2009. ICAPR'09. Seventh International Conference on},
  pages={171--174},
  year={2009},
  organization={IEEE}
}


%%% End new references --#


@article{juang1985maximum,
  title={Maximum-likelihood estimation for mixture multivariate stochastic observations of Markov chains},
  author={Juang, B-H},
  journal={AT\&T technical journal},
  volume={64},
  number={6},
  pages={1235--1249},
  year={1985},
  publisher={Wiley Online Library}
}

@article{juang2005automatic,
  title={Automatic speech recognition--a brief history of the technology development},
  author={Juang, Biing-Hwang and Rabiner, Lawrence R},
  journal={Georgia Institute of Technology. Atlanta Rutgers University and the University of California. Santa Barbara},
  volume={1},
  pages={67},
  year={2005}
}


@article{khan2016intonation,
  title={The intonation of South Asian languages: towards a comparative analysis},
  author={KHAN, SAMEER UD DOWLA},
  journal={This volume contains papers presented at the Formal Approaches to South Asian Languages 6, held at University of Massachussets},
  pages={23},
  year={2016}
}


@article{hasnat2007isolated,
  title={Isolated and Continuous Bangla Speech Recognition: Implementation},
  author={Hasnat, MA and Molwa, J and Khan, M},
  journal={Performance and application perspective},
  year={2007}
}

@misc{zahner1995artificial,
  title={Artificial neural networks: definitions, methods, applications},
  author={Zahner, Daniel A and Micheli-Tzanakou, Evangelia},
  journal={The Biomedical Engineering Handbook},
  volume={2689},
  year={1995},
  publisher={CRC Press Inc., Boca Raton, Fl}
}

@misc{bickerton1994speech,
  title={Speech recognition using a neural net},
  author={Bickerton, Ian},
  year={1994},
  month=jan # "~11",
  publisher={Google Patents},
  note={US Patent 5,278,911}
}

@article{kundu1998speech,
  title={Speech recognition using hybrid hidden markov model and NN classifier},
  author={Kundu, Amlan and Bayya, Aruna},
  journal={International journal of speech technology},
  volume={2},
  number={3},
  pages={227--240},
  year={1998},
  publisher={Springer}
}

@inproceedings{tebelskis1991continuous,
  title={Continuous speech recognition using linked predictive neural networks},
  author={Tebelskis, Joe and Waibel, Alex and Petek, Bojan and Schmidbauer, Otto},
  booktitle={Acoustics, Speech, and Signal Processing, 1991. ICASSP-91., 1991 International Conference on},
  pages={61--64},
  year={1991},
  organization={IEEE}
}

@inproceedings{han2006efficient,
  title={An efficient MFCC extraction method in speech recognition},
  author={Han, Wei and Chan, Cheong-Fat and Choy, Chiu-Sing and Pun, Kong-Pang},
  booktitle={Circuits and Systems, 2006. ISCAS 2006. Proceedings. 2006 IEEE International Symposium on},
  pages={4--pp},
  year={2006},
  organization={IEEE}
}

@article{muda2010voice,
  title={Voice recognition algorithms using mel frequency cepstral coefficient (MFCC) and dynamic time warping (DTW) techniques},
  author={Muda, Lindasalwa and Begam, Mumtaj and Elamvazuthi, Irraivan},
  journal={arXiv preprint arXiv:1003.4083},
  year={2010}
}
@article{viikki1998cepstral,
  title={Cepstral domain segmental feature vector normalization for noise robust speech recognition},
  author={Viikki, Olli and Laurila, Kari},
  journal={Speech Communication},
  volume={25},
  number={1-3},
  pages={133--147},
  year={1998},
  publisher={Elsevier}
}
@inproceedings{hossan2010novel,
  title={A novel approach for MFCC feature extraction},
  author={Hossan, Md Afzal and Memon, Sheeraz and Gregory, Mark A},
  booktitle={Signal Processing and Communication Systems (ICSPCS), 2010 4th International Conference on},
  pages={1--5},
  year={2010},
  organization={IEEE}
}

@inproceedings{graves2013speech,
  title={Speech recognition with deep recurrent neural networks},
  author={Graves, Alex and Mohamed, Abdel-rahman and Hinton, Geoffrey},
  booktitle={Acoustics, speech and signal processing (icassp), 2013 ieee international conference on},
  pages={6645--6649},
  year={2013},
  organization={IEEE}
}

@article{kuhn1990cache,
  title={A cache-based natural language model for speech recognition},
  author={Kuhn, Roland and De Mori, Renato},
  journal={IEEE transactions on pattern analysis and machine intelligence},
  volume={12},
  number={6},
  pages={570--583},
  year={1990},
  publisher={IEEE}
}